 @article{homeOS,
  title={An Operating System for the Home},
  author={Dixon, C. and Mahajan, R. and Agarwal, S. and Brush, A.J. and Lee, B. and Saroiu, S. and Bahl, P.},
  year={2012},
  publisher={Microsoft Research}
}
