@inproceedings {homeOS,
author = {Colin Dixon and Ratul Mahajan and Sharad Agarwal and AJ Brush and Bongshin Lee and Stefan Saroiu and Paramvir Bahl},
title = {An Operating System for the Home},
booktitle = {9th USENIX Symposium on Networked Systems Design and Implementation (NSDI 12)},
year = {2012},
month = Apr,
publisher = {USENIX Association},
}

@inproceedings {homeLab,
author = {AJ Brush and Jaeyeon Jung and Ratul Mahajan and James Scott},
title = {HomeLab: Shared infrastructure for home technology field studies},
booktitle = {Workshop on Systems and Infrastructure for the Digital Home (HomeSys)},
year = {2012},
month = Sep,
publisher = {ACM},
}

@inproceedings {labOfThings,
author = {A.J. Bernheim Brush and Evgeni Filippov and Danny Huang and Jaeyeon Jung and Ratul Mahajan and Frank Martinez and Khurshed Mazhar and Amar Phanishayee and Arjmand Samuel and James Scott and Rayman Preet Singh},
title = {Lab of Things: A Platform for Conducting Studies with Connected Devices in Multiple Homes},
booktitle = {UbiComp 2013 Adjunct Proceedings},
year = {2013},
month = Sep,
publisher = {ACM},
}

@inproceedings {currentState,
author = {Blase Ur and Jaeyeon Jung and Stuart Schechter},
title = {The Current State of Access Control for Smart Devices in Homes},
booktitle = {2013 Workshop on Home Usable Privacy and Security (HUPS)},
year = {2013},
month = July,
publisher = {HUPS},
}

@inproceedings {modernHome,
author = {Tamara Denning and Tadayoshi Kohno and Henry Levy},
title = {Computer Security and the Modern Home},
booktitle = {Communications of the ACM},
year = {2013},
month = Jan,
publisher = {ACM},
}