@inproceedings {homeOS,
author = {Colin Dixon and Ratul Mahajan and Sharad Agarwal and AJ Brush and Bongshin Lee and Stefan Saroiu and Paramvir Bahl},
title = {An Operating System for the Home},
booktitle = {9th USENIX Symposium on Networked Systems Design and Implementation (NSDI 12)},
year = {2012},
month = Apr,
publisher = {USENIX Association},
}

@inproceedings {homeLab,
author = {AJ Brush and Jaeyeon Jung and Ratul Mahajan and James Scott},
title = {HomeLab: Shared infrastructure for home technology field studies},
booktitle = {Workshop on Systems and Infrastructure for the Digital Home (HomeSys)},
year = {2012},
month = Sep,
publisher = {ACM},
}

@inproceedings {labOfThings,
author = {A.J. Bernheim Brush and Evgeni Filippov and Danny Huang and Jaeyeon Jung and Ratul Mahajan and Frank Martinez and Khurshed Mazhar and Amar Phanishayee and Arjmand Samuel and James Scott and Rayman Preet Singh},
title = {Lab of Things: A Platform for Conducting Studies with Connected Devices in Multiple Homes},
booktitle = {UbiComp 2013 Adjunct Proceedings},
year = {2013},
month = Sep,
publisher = {ACM},
}

@inproceedings {currentState,
author = {Blase Ur and Jaeyeon Jung and Stuart Schechter},
title = {The Current State of Access Control for Smart Devices in Homes},
booktitle = {2013 Workshop on Home Usable Privacy and Security (HUPS)},
year = {2013},
month = Jul,
publisher = {HUPS},
}

@inproceedings {modernHome,
author = {Tamara Denning and Tadayoshi Kohno and Henry Levy},
title = {Computer Security and the Modern Home},
booktitle = {Communications of the ACM},
year = {2013},
month = Jan,
publisher = {ACM},
}

@inproceedings {accessControl,
author = {Michelle L. Mazurek and J.P. Arsenault and Joanna Bresee and Nitin Gupta and Iulia Ion and Christina Johns and Daniel Lee and Yuan Liang and Jenny Olsen and Brandon Salmon and Richard Shay and Kami Vaniea and Lujo Bauer and Lorrie Faith Cranor and Gregory R. Ganger and Michael K. Reiter},
title = {Access Control for Home Data Sharing: Attitudes, Needs and Practices},
booktitle = {Proceedings of the SIGCHI Conference on Human Factors in Computing Systems},
year = {2010},
month = Apr,
publisher = {ACM},
}

@inproceedings {homeAutomation,
author = {A.J. Bernheim Brush and Bongshin Lee and Ratul Mahajan and Sharad Agarwal and Stefan Saroiu and Colin Dixon},
title = {Home Automation in the Wild: Challenges and Opportunities},
booktitle = {Proceedings of the SIGCHI Conference on Human Factors in Computing Systems},
year = {2011},
month = May,
publisher = {ACM},
}

@inproceedings {policyCreation,
author = {Lujo Bauer and Lorrie Faith Cranor and Robert W. Reeder and Michael K. Reiter and Kami Vaniea},
title = {A User Study of Policy Creation in a Flexible Access-Control System},
booktitle = {Proceedings of the SIGCHI Conference on Human Factors in Computing Systems},
year = {2008},
month = Apr,
publisher = {ACM},
}

@inproceedings {zwavebasics,
author = {Mikhail Galeev},
title = {Catching the Z-Wave},
booktitle = {Embedded Systems Design},
year = {2006},
month = Oct,
publisher = {EETINDIA},
}

@inproceedings {zwavesecurity,
author = {Behrang Fouladi and Sahand Ghanoun},
title = {Security Evaluation of the Z-Wave Wireless Protocol},
booktitle = {Black hat USA},
year = {2013},
month = Aug,
publisher = {Black hat USA},
}
